
@Book{Umweltbundesamt2010,
ALTauthor = {Umweltbundesamt},
title = {Bisphenol A - Massenchemikalie mit unerw√ºnschten Nebenwirkungen},
year = {2010},
publisher = {Umweltbundesamt},

}
@online{Wikipedia,
author = {Wikipedia},
title = {Bisphenol A},
year = {2020},
url = {https://de.wikipedia.org/wiki/Bisphenol_A},
OPTdate = {16.03.2020},

}


